<?xml version="1.0" encoding="UTF-8"?>
<collection xmlns:xsi="http://www.w3.org/2001/XMLSchema-instance" xsi:schemaLocation="http://www.loc.gov/MARC21/slim http://www.loc.gov/standards/marcxml/schema/MARC21slim.xsd" xmlns="http://www.loc.gov/MARC21/slim">
<record>
  <leader>00792nam a22001811i 4500</leader>
  <controlfield tag="001">2872062</controlfield>
  <controlfield tag="003">NNC</controlfield>
  <controlfield tag="005">20030429141026.0</controlfield>
  <controlfield tag="008">010210s1932    ua            000 0 ara d</controlfield>
  <datafield tag="035" ind1=" " ind2=" ">
    <subfield code="a">(OCoLC)ocm45889407</subfield>
  </datafield>
  <datafield tag="035" ind1=" " ind2=" ">
    <subfield code="9">ASA6652CU</subfield>
  </datafield>
  <datafield tag="040" ind1=" " ind2=" ">
    <subfield code="a">ZCU</subfield>
    <subfield code="c">ZCU</subfield>
  </datafield>
  <datafield tag="090" ind1=" " ind2=" ">
    <subfield code="a">BP130.4</subfield>
    <subfield code="b">.A73</subfield>
  </datafield>
  <datafield tag="100" ind1="1" ind2=" ">
    <subfield code="a">ʻArafah, Muḥammad Aḥmad.</subfield>
  </datafield>
  <datafield tag="245" ind1="1" ind2="0">
    <subfield code="a">Naqḍ maṭāʻin fī al-Qurʾān al-karīm :</subfield>
    <subfield code="b">yataḍamman tafnīd mā alqāhu al-duktūr Ṭāhā Ḥusayn ʻalá ṭalabat Kullīyat al-Ād̄ab fī al-Jāmiʻah al-Miṣrīyah /</subfield>
    <subfield code="c">bi-qalam Muḥammad Aḥmad ʻArafah ; waqafa aʻlá taṣḥīḥihi wa-ʻallaqa ʻalayhi baʻḍ al-ḥawāshī Muḥammad Rashīd Riḍā.</subfield>
  </datafield>
  <datafield tag="260" ind1=" " ind2=" ">
    <subfield code="a">Misr :</subfield>
    <subfield code="b">Maṭbaʻat al-Manār,</subfield>
    <subfield code="c">1351 [1932]</subfield>
  </datafield>
  <datafield tag="300" ind1=" " ind2=" ">
    <subfield code="a">168 p. ;</subfield>
    <subfield code="c">18 cm.</subfield>
  </datafield>
  <datafield tag="955" ind1=" " ind2=" ">
    <subfield code="b">CU55312969</subfield>
    <subfield code="d">off,glx</subfield>
    <subfield code="e">BP130.4 .A73</subfield>
  </datafield>
</record>
</collection>